@inproceedings{RascalGTTSE,
   title =   	{EASY Meta-Programming with Rascal. Leveraging the Extract-Analyze-SYnthesize Paradigm for Meta-Programming},
   author =   	{Paul  Klint and Tijs van der Storm and Jurgen J.  Vinju},
   year =   	{2010},
   booktitle =	{Proceedings of the 3rd International Summer School on Generative and Transformational Techniques in Software Engineering (GTTSE'09)},
   location =	{Braga, Portugal},
   series =   	{LNCS},
   publisher =	{Springer},
}

@article{stoel_storm_vinju_bosman_2016,
   title =		{Solving the bank with Rebel:on the design of the Rebel specification language and its application inside a bank},
   DOI =		{10.1145 / 2998407.2998413},
   journal =	{Proceedings of the 1 st Industry Track on Software Language Engineering - ITSLE 2016},
   author =   	{Stoel, Jouke and Storm, Tijs Van Der and Vinju, Jurgen and Bosman, Joost},
   year =   	{2016}
}

@book{herrington2003code,
   title =     {Code Generation in Action},
   author =    {Jack Herrington},
   publisher = {Manning},
   isbn =      {9781930110977,1930110979},
   year =      {2003},
   series =    {},
   edition =   {Revised},
   volume =    {}
}

@book{myers2011art,
   title =     {The art of software testing},
   author =    {Glenford J. Myers, Corey Sandler, Tom Badgett, Todd M. Thomas},
   publisher = {John Wiley \& Sons},
   isbn =      {9780471469124,0471469122},
   year =      {2004},
   series =    {},
   edition =   {2nd ed},
   volume =    {}
}

@book{voelter2013dsl,
   title = 		{DSL engineering: Designing, implementing and using domain-specific languages},
   author =		{Voelter, Markus and Benz, Sebastian and Dietrich, Christian and Engelmann, Birgit and Helander, Mats and Kats, Lennart CL and Visser, Eelco and Wachsmuth, Guido},
   year =		{2013},
   publisher =	{dslbook. org}
}

@article{moura_bjorner_2008,
   title =		{Z3: An Efficient SMT Solver},
   DOI =		{10.1007/978-3-540-78800-3_24},
   journal =	{Tools and Algorithms for the Construction and Analysis of Systems Lecture Notes in Computer Science},
   author =		{Moura, Leonardo De and Bjørner, Nikolaj},
   year =		{2008},
   pages =		{337–340}
}

@article{stoelcase,
   title =		{A case for Rebel},
   author =		{Stoel, Jouke}
}

@inproceedings{konnov2015you,
  title={What you always wanted to know about model checking of fault-tolerant distributed algorithms},
  author={Konnov, Igor and Veith, Helmut and Widder, Josef},
  booktitle={International Andrei Ershov Memorial Conference on Perspectives of System Informatics},
  pages={6--21},
  year={2015},
  organization={Springer}
}

@article{alberti2015smt,
  title={SMT-based approaches to Model Checking of Distributed Broadcast Algorithms: some case studies},
  author={Alberti, Francesco and Ghilardi, Silvio and Orsini, Andrea and Pagani, Elena},
  year={2015}
}

@article{jia2011analysis,
  title={An analysis and survey of the development of mutation testing},
  author={Jia, Yue and Harman, Mark},
  journal={IEEE transactions on software engineering},
  volume={37},
  number={5},
  pages={649--678},
  year={2011},
  publisher={IEEE}
}

@article{king1991fortran,
  title={A fortran language system for mutation-based software testing},
  author={King, Kim N and Offutt, A Jefferson},
  journal={Software: Practice and Experience},
  volume={21},
  number={7},
  pages={685--718},
  year={1991},
  publisher={Wiley Online Library}
}

@inproceedings{sen2007concolic,
  title={Concolic testing},
  author={Sen, Koushik},
  booktitle={Proceedings of the twenty-second IEEE/ACM international conference on Automated software engineering},
  pages={571--572},
  year={2007},
  organization={ACM}
}

@inproceedings{godefroid2008automated,
  title={Automated Whitebox Fuzz Testing.},
  author={Godefroid, Patrice and Levin, Michael Y and Molnar, David A and others},
  booktitle={NDSS},
  volume={8},
  pages={151--166},
  year={2008}
}

@article{mccaffrey2016verification,
  title={The verification of a distributed system},
  author={McCaffrey, Caitie},
  journal={Communications of the ACM},
  volume={59},
  number={2},
  pages={52--55},
  year={2016},
  publisher={ACM}
}

@incollection{al2009two,
  title={Two-phase commit},
  author={Al-Houmaily, Yousef J and Samaras, George},
  booktitle={Encyclopedia of Database Systems},
  pages={3204--3209},
  year={2009},
  isbn = "978-0-387-39940-9",
  publisher={Springer}
}

@article{leucker2009brief,
  title={A brief account of runtime verification},
  author={Leucker, Martin and Schallhart, Christian},
  journal={The Journal of Logic and Algebraic Programming},
  volume={78},
  number={5},
  pages={293--303},
  year={2009},
  publisher={Elsevier},
  note = "The 1st Workshop on Formal Languages and Analysis of Contract-Oriented Software (FLACOS’07)",
  issn = "1567-8326",
  doi = "http://dx.doi.org/10.1016/j.jlap.2008.08.004",
  url = "http://www.sciencedirect.com/science/article/pii/S1567832608000775",
}

@article{fowler2005event,
  title={Event sourcing},
  author={Fowler, Martin},
  journal={Online, Dec},
  pages={18},
  year={2005}
}

@article{fowler2011cqrs,
  title={Cqrs},
  author={Fowler, Martin},
  journal={Command Query Responsibility Segregation), http://martinfowler},
  year={2011}
}

@article{lakshman2010cassandra,
  title={Cassandra: a decentralized structured storage system},
  author={Lakshman, Avinash and Malik, Prashant},
  journal={ACM SIGOPS Operating Systems Review},
  volume={44},
  number={2},
  pages={35--40},
  year={2010},
  publisher={ACM}
}

@article{utting2012taxonomy,
  title={A taxonomy of model-based testing approaches},
  author={Utting, Mark and Pretschner, Alexander and Legeard, Bruno},
  journal={Software Testing, Verification and Reliability},
  volume={22},
  number={5},
  pages={297--312},
  year={2012},
  publisher={Wiley Online Library}
}

@inbook{tretmans2003torx,
  title = "TorX: Automated Model-Based Testing",
  author = "G.J. Tretmans and Hendrik Brinksma",
  year = "2003",
  month = "12",
  isbn = "not assigned",
  pages = "31--43",
  editor = "A. Hartman and K. Dussa-Ziegler",
  booktitle = "First European Conference on Model-Driven Software Engineering",
}

@article{tretmans2008model,
  title={Model based testing with labelled transition systems},
  author={Tretmans, Jan},
  journal={Formal methods and testing},
  pages={1--38},
  year={2008},
  publisher={Springer}
}

@inproceedings{dalal1999model,
  title={Model-based testing in practice},
  author={Dalal, Siddhartha R and Jain, Ashish and Karunanithi, Nachimuthu and Leaton, JM and Lott, Christopher M and Patton, Gardner C and Horowitz, Bruce M},
  booktitle={Proceedings of the 21st international conference on Software engineering},
  pages={285--294},
  year={1999},
  organization={ACM}
}

@book{roestenburg2016akka,
  title = {Akka in action},
  author = {Roestenburg, Raymond and Bakker, Rob and Williams, Rob},
  year = {2016},
  isbn = {9781617291012},
  publisher = {Manning Publications Co.}
}

@book{anderson2016professional,
  title={Professional Clojure},
  author={Anderson, Jeremy and Gaare, Michael and Bailey, Nick and Pratley, Timothy and others},
  year={2016},
  isbn = {978-1-119-26727-0},
  publisher={John Wiley \& Sons}
}

@book{utting2007practical,
  title={Practical model-based testing: a tools approach},
  author={Utting, Mark and Legeard, Bruno},
  year={2010},
  publisher={Morgan Kaufmann}
}

@inproceedings{paradkar2005case,
  title={Case studies on fault detection effectiveness of model based test generation techniques},
  author={Paradkar, Amit},
  booktitle={ACM SIGSOFT Software Engineering Notes},
  volume={30},
  number={4},
  pages={1--7},
  year={2005},
  organization={ACM}
}

% links

@misc{iban4j,
  title = {iban4j},
  author = {Artur Mkrtchyan},
  year = {2015},
  howpublished = {\url{https://github.com/arturmkrtchyan/iban4j/tree/ce1ca12b947755d1d96aab294d1ea15c78090ca2}},
}

@misc{pitmutators,
  title = {PIT mutation operators},
  author = {Artur Mkrtchyan},
  howpublished = {\url{http://pitest.org/quickstart/mutators/}},
}

% from project plan

@article{moura_bjorner_2011, title={Satisfiability modulo theories}, volume={54}, DOI={10.1145/1995376.1995394}, number={9}, journal={Communications of the ACM}, author={Moura, Leonardo De and Bjørner, Nikolaj}, year={2011}, month={Jan}, pages={69}}

@article{srivastava_gulwani_foster_2009, title={VS3: SMT Solvers for Program Verification}, DOI={10.1007/978-3-642-02658-4_58}, journal={Computer Aided Verification Lecture Notes in Computer Science}, author={Srivastava, Saurabh and Gulwani, Sumit and Foster, Jeffrey S.}, year={2009}, pages={702–708}}

@article{d'silva_kroening_weissenbacher_2008, title={A Survey of Automated Techniques for Formal Software Verification}, volume={27}, DOI={10.1109/tcad.2008.923410}, number={7}, journal={IEEE Transactions on Computer-Aided Design of Integrated Circuits and Systems}, author={D'silva, Vijay and Kroening, Daniel and Weissenbacher, Georg}, year={2008}, pages={1165–1178}}

@article{sanghavi2010formal,
  title={What is formal verification?},
  author={Sanghavi, Alok},
  journal={EE Times\_Asia},
  year={2010}
}

@inproceedings{demarco2014automatic,
  title={Automatic repair of buggy if conditions and missing preconditions with SMT},
  author={DeMarco, Favio and Xuan, Jifeng and Le Berre, Daniel and Monperrus, Martin},
  booktitle={Proceedings of the 6th International Workshop on Constraints in Software Testing, Verification, and Analysis},
  pages={30--39},
  year={2014},
  organization={ACM}
}

@book{berard2013systems,
  title={Systems and software verification: model-checking techniques and tools},
  author={B{\'e}rard, B{\'e}atrice and Bidoit, Michel and Finkel, Alain and Laroussinie, Fran{\c{c}}ois and Petit, Antoine and Petrucci, Laure and Schnoebelen, Philippe},
  year={2013},
  publisher={Springer Science \& Business Media}
}

@article{jan2016innovative,
  title={An Innovative Approach to Investigate Various Software Testing Techniques and Strategies},
  author={Jan, Syed Roohullah and Shah, Syed TauhidUllah and Johar, Zia Ullah and Shah, Yasin and Khan, Fazlullah},
  journal={International Journal of Scientific Research in Science, Engineering and Technology (IJSRSET), Print ISSN},
  pages={2395--1990},
  year={2016}
}

@book{vermesan2013validation,
  title={Validation and Verification of Knowledge Based Systems: Theory, Tools and Practice},
  author={Vermesan, Anca and Coenen, Frans},
  year={2013},
  publisher={Springer Science \& Business Media}
}

@inproceedings{beyer2016smt,
  title={SMT-based Software Model Checking: An Experimental Comparison of Four Algorithms},
  author={Beyer, Dirk and Dangl, Matthias},
  booktitle={Verified Software. Theories, Tools, and Experiments: 8th International Conference, VSTTE 2016, Toronto, ON, Canada, July 17--18, 2016, Revised Selected Papers 8},
  pages={181--198},
  year={2016},
  organization={Springer}
}

@inproceedings{cadar2011symbolic,
  title={Symbolic execution for software testing in practice: preliminary assessment},
  author={Cadar, Cristian and Godefroid, Patrice and Khurshid, Sarfraz and P{\u{a}}s{\u{a}}reanu, Corina S and Sen, Koushik and Tillmann, Nikolai and Visser, Willem},
  booktitle={Proceedings of the 33rd International Conference on Software Engineering},
  pages={1066--1071},
  year={2011},
  organization={ACM}
}

@inproceedings{giantsios2015concolic,
  title={Concolic testing for functional languages},
  author={Giantsios, Aggelos and Papaspyrou, Nikolaos and Sagonas, Konstantinos},
  booktitle={Proceedings of the 17th International Symposium on Principles and Practice of Declarative Programming},
  pages={137--148},
  year={2015},
  organization={ACM}
}
